@article{najafabadi2015deep,
  title={Deep learning applications and challenges in big data analytics},
  author={Najafabadi, Maryam M and Villanustre, Flavio and Khoshgoftaar, Taghi M and Seliya, Naeem and Wald, Randall and Muharemagic, Edin},
  journal={Journal of big data},
  volume={2},
  pages={1--21},
  year={2015},
  publisher={Springer}
}

@book{yan2023computational,
  title={Computational methods for deep learning: theory, algorithms, and implementations},
  author={Yan, Wei Qi},
  year={2023},
  publisher={Springer Nature}
}

@article{dehghani2023distributed,
  title={From distributed machine to distributed deep learning: a comprehensive survey},
  author={Dehghani, Mohammad and Yazdanparast, Zahra},
  journal={Journal of Big Data},
  volume={10},
  number={1},
  pages={158},
  year={2023},
  publisher={Springer}
}