@article{najafabadi2015deep,
  title={Deep learning applications and challenges in big data analytics},
  author={Najafabadi, Maryam Mohammadi and Villanustre, Flavio and Khoshgoftaar, Taghi M and Seliya, N and Wald, Richard and Muharemagic, Edin},
  journal={Journal of Big Data},
  volume={2},
  number={1},
  pages={1-21},
  year={2015},
  publisher={Springer}
}

@book{yan2023computational,
  title={Computational Methods for Deep Learning: Theory, Algorithms, and Implementations},
  author={Yan, Wei Qi},
  year={2023},
  publisher={Springer Nature}
}

@article{zhang2023distributed,
  title={From distributed machine to distributed deep learning: a comprehensive survey},
  author={Zhang, Hongming and Dehghani, M and Yazdanparast, Z},
  journal={Journal of Big Data},
  volume={10},
  number={1},
  pages={158},
  year={2023},
  publisher={Springer}
}

@article{li2019federated,
  title={Federated learning: Challenges, methods, and future directions},
  author={Li, Tian and Sahu, Abhishek Kumar and Talwalkar, Ameet and Smith, Virginia},
  journal={IEEE Signal Processing Magazine},
  volume={37},
  number={3},
  pages={50-60},
  year={2019},
  publisher={IEEE}
}

@article{li2020survey,
  title={A survey on scalable deep learning techniques},
  author={Li, Xia and Liu, Yang and Li, Tian and Qin, Hong},
  journal={Journal of Big Data},
  volume={7},
  number={1},
  pages={1-41},
  year={2020},
  publisher={Springer}
}

@article{ben2019demystifying,
  title={Demystifying deep learning optimization in big data contexts},
  author={Ben, Simon and Waller, Jenna},
  journal={Artificial Intelligence Review},
  volume={53},
  number={4},
  pages={3197-3225},
  year={2019},
  publisher={Springer}
}
