@article{kitchenham2002principles,
  title={Principles of survey research: part 6: data analysis},
  author={Kitchenham, Barbara and Pfleeger, Shari Lawrence},
  journal={ACM SIGSOFT Software Engineering Notes},
  volume={27},
  number={2},
  pages={20--24},
  year={2002},
  publisher={ACM}
}